@online{x86opencv,
    author = "OpenCV",
    title = "OpenCV CPU optimizations",
    url = "https://github.com/opencv/opencv/wiki/CPU-optimizations-build-options",
    addendum = "(dostÄ™p: 07.01.2024)",
    keywords = "x86, OpenCV"
}
